<record><leader>00000cas a22000007a 4500</leader><controlfield tag="001">12850143</controlfield><controlfield tag="008">851126d18161823nyuwr ne      0    0eng d</controlfield><datafield ind1=" " ind2=" " tag="010"><subfield code="a">sn 85026982 </subfield></datafield><datafield ind1=" " ind2=" " tag="040"><subfield code="a">NPX</subfield><subfield code="b">eng</subfield><subfield code="c">NPX</subfield><subfield code="d">NYS</subfield><subfield code="d">OCL</subfield><subfield code="d">OCLCQ</subfield><subfield code="d">OCLCF</subfield><subfield code="d">OCLCO</subfield></datafield><datafield ind1=" " ind2=" " tag="042"><subfield code="a">msc</subfield></datafield><datafield ind1=" " ind2=" " tag="043"><subfield code="a">n-us-ny</subfield></datafield><datafield ind1="0" ind2="0" tag="245"><subfield code="a">Potsdam gazette.</subfield></datafield><datafield ind1=" " ind2=" " tag="260"><subfield code="a">Potsdam, N.Y. :</subfield><subfield code="b">F.C. Powell</subfield></datafield><datafield ind1=" " ind2=" " tag="300"><subfield code="a">v.</subfield></datafield><datafield ind1=" " ind2=" " tag="310"><subfield code="a">Weekly</subfield></datafield><datafield ind1="1" ind2=" " tag="362"><subfield code="a">Began with Jan. 13, 1816 issue.</subfield><subfield code="z">Cf. Brigham, C.S. Amer. newspapers.</subfield></datafield><datafield ind1="1" ind2=" " tag="362"><subfield code="a">Ceased in Apr. 1823.</subfield><subfield code="z">Cf. French, J.H. Gazetteer of the state of N.Y., 1860.</subfield></datafield><datafield ind1=" " ind2=" " tag="500"><subfield code="a">Imprint varies: Frederic C. Powell &amp; Zenas Clark, 1816; Frederic C. Powell, &lt;1816&gt;; Printed by Frederic C. Powell, for the Proprietor, &lt;1817-1818&gt;.</subfield></datafield><datafield ind1="4" ind2=" " tag="510"><subfield code="a">Shaw &amp; Shoemaker</subfield><subfield code="c">38691</subfield></datafield><datafield ind1="4" ind2=" " tag="510"><subfield code="a">Brigham, C.S. Amer. newspapers,</subfield><subfield code="c">p. 720</subfield></datafield><datafield ind1=" " ind2=" " tag="588"><subfield code="a">Description based on: Vol. 1, no. 24 (June 21, 1816).</subfield></datafield><datafield ind1=" " ind2="0" tag="651"><subfield code="a">Potsdam (N.Y.)</subfield><subfield code="v">Newspapers.</subfield></datafield><datafield ind1=" " ind2="0" tag="651"><subfield code="a">Saint Lawrence County (N.Y.)</subfield><subfield code="v">Newspapers.</subfield></datafield><datafield ind1=" " ind2="7" tag="655"><subfield code="a">Newspapers.</subfield><subfield code="2">fast</subfield><subfield code="0">(OCoLC)fst01423814</subfield></datafield><datafield ind1=" " ind2="7" tag="651"><subfield code="a">New York (State)</subfield><subfield code="z">Potsdam.</subfield><subfield code="2">fast</subfield><subfield code="0">(OCoLC)fst01206106</subfield></datafield><datafield ind1=" " ind2="7" tag="651"><subfield code="a">New York (State)</subfield><subfield code="z">Saint Lawrence County.</subfield><subfield code="2">fast</subfield><subfield code="0">(OCoLC)fst01202920</subfield></datafield><datafield ind1="1" ind2=" " tag="700"><subfield code="a">Powell, Frederic C.</subfield></datafield><datafield ind1="1" ind2=" " tag="700"><subfield code="a">Clark, Zenas.</subfield></datafield><datafield ind1=" " ind2=" " tag="752"><subfield code="a">United States</subfield><subfield code="b">New York</subfield><subfield code="c">Saint Lawrence</subfield><subfield code="d">Potsdam.</subfield></datafield><datafield ind1="0" ind2="0" tag="785"><subfield code="t">Potsdam American</subfield><subfield code="w">(DLC)sn 93063625</subfield><subfield code="w">(OCoLC)28227530</subfield></datafield></record>